@article{Ref:1,
author={Daniel A. Steck},
year={2008},
title={Rubidium 85 {D} line data},
pages={26},
url={https://www.steck.us/alkalidata/rubidium85numbers.pdf}
}

@article{Ref:2,
author={Daniel A. Steck},
year={2001},
title={Rubidium 87 {D} line data},
pages={26},
url={https://www.steck.us/alkalidata/rubidium87numbers.pdf}
}